<record><leader>00000cas a22000007a 4500</leader><controlfield tag="001">11930776</controlfield><controlfield tag="008">850417d18561859wiudn ne      0    0eng d</controlfield><controlfield tag="009">3770</controlfield><datafield ind1=" " ind2=" " tag="010"><subfield code="a">sn 85040405 </subfield></datafield><datafield ind1=" " ind2=" " tag="040"><subfield code="a">NPV</subfield><subfield code="b">eng</subfield><subfield code="c">NPV</subfield><subfield code="d">DLC</subfield><subfield code="d">NPX</subfield><subfield code="d">CNK</subfield><subfield code="d">NVF</subfield><subfield code="d">DLC</subfield><subfield code="d">OCLCF</subfield></datafield><datafield ind1="1" ind2=" " tag="029"><subfield code="a">AU@</subfield><subfield code="b">000020379528</subfield></datafield><datafield ind1=" " ind2=" " tag="042"><subfield code="a">msc</subfield></datafield><datafield ind1=" " ind2=" " tag="043"><subfield code="a">n-us-wi</subfield></datafield><datafield ind1=" " ind2=" " tag="045"><subfield code="a">w5w5</subfield></datafield><datafield ind1="0" ind2="0" tag="050"><subfield code="a">Newspaper</subfield></datafield><datafield ind1=" " ind2=" " tag="052"><subfield code="a">4123</subfield><subfield code="b">D3</subfield></datafield><datafield ind1="0" ind2="0" tag="245"><subfield code="a">Madison daily state journal.</subfield></datafield><datafield ind1="1" ind2=" " tag="246"><subfield code="i">Issues for Dec. 29, 1858-July 23, 1859 published as:</subfield><subfield code="a">Daily Madison state journal</subfield></datafield><datafield ind1="3" ind2="0" tag="246"><subfield code="a">Madison state journal</subfield></datafield><datafield ind1="3" ind2="0" tag="246"><subfield code="a">Daily state journal</subfield></datafield><datafield ind1="3" ind2="0" tag="246"><subfield code="a">State journal</subfield></datafield><datafield ind1=" " ind2=" " tag="260"><subfield code="a">Madison, Wis. :</subfield><subfield code="b">Atwood &amp; Rublee,</subfield><subfield code="c">1856-1859.</subfield></datafield><datafield ind1=" " ind2=" " tag="300"><subfield code="a">4 v.</subfield></datafield><datafield ind1=" " ind2=" " tag="310"><subfield code="a">Daily (except Sunday)</subfield></datafield><datafield ind1="0" ind2=" " tag="362"><subfield code="a">Vol. 4, no. 186 (June 3, 1856)-v. 7, no. 300 (Sept. 27, 1859).</subfield></datafield><datafield ind1=" " ind2=" " tag="500"><subfield code="a">Publisher varies.</subfield></datafield><datafield ind1=" " ind2=" " tag="530"><subfield code="a">Available on microfilm from the State Historical Society of Wisconsin and Bell &amp; Howell Information and Learning.</subfield></datafield><datafield ind1=" " ind2=" " tag="580"><subfield code="a">Weekly ed.: Wisconsin weekly state journal, &lt;1857&gt;-1859.</subfield></datafield><datafield ind1=" " ind2="0" tag="651"><subfield code="a">Madison (Wis.)</subfield><subfield code="v">Newspapers.</subfield></datafield><datafield ind1=" " ind2="0" tag="651"><subfield code="a">Dane County (Wis.)</subfield><subfield code="v">Newspapers.</subfield></datafield><datafield ind1=" " ind2="7" tag="655"><subfield code="a">Newspapers.</subfield><subfield code="2">fast</subfield><subfield code="0">(OCoLC)fst01423814</subfield></datafield><datafield ind1=" " ind2="7" tag="651"><subfield code="a">Wisconsin</subfield><subfield code="z">Dane County.</subfield><subfield code="2">fast</subfield><subfield code="0">(OCoLC)fst01208496</subfield></datafield><datafield ind1=" " ind2="7" tag="651"><subfield code="a">Wisconsin</subfield><subfield code="z">Madison.</subfield><subfield code="2">fast</subfield><subfield code="0">(OCoLC)fst01205840</subfield></datafield><datafield ind1=" " ind2=" " tag="752"><subfield code="a">United States</subfield><subfield code="b">Wisconsin</subfield><subfield code="c">Dane</subfield><subfield code="d">Madison.</subfield></datafield><datafield ind1="1" ind2=" " tag="775"><subfield code="t">Wisconsin weekly state journal</subfield><subfield code="w">(DLC)sn 85040407</subfield><subfield code="w">(OCoLC)11930565</subfield></datafield><datafield ind1="0" ind2="0" tag="780"><subfield code="t">Daily state journal (Madison, Wis.)</subfield><subfield code="w">(DLC)sn 85040404</subfield><subfield code="w">(OCoLC)11930677</subfield></datafield><datafield ind1="0" ind2="0" tag="785"><subfield code="t">Wisconsin daily state journal</subfield><subfield code="w">(DLC)sn 85040406</subfield><subfield code="w">(OCoLC)11930931</subfield></datafield></record>